%%%%%%%%%%% JAVA

@Misc{JAVA_java,
author = "Java",
title = "Che cos'è la tecnologia Java e a cosa serve?",
year = "2019",
note = "Disponibile online",
url = "https://www.java.com/it/download/help/whatis_java.html"
}

@Misc{JAVA_w3schools,
author = "W3Schools",
title = "Java Classes and Objects",
year = "",
note = "Disponibile online",
url = "https://www.w3schools.com/java/java_classes.asp"
}

@Misc{JAVA_w3schools2,
author = "W3Schools",
title = "Java Class Methods",
year = "",
note = "Disponibile online",
url = "https://www.w3schools.com/java/java_class_methods.asp"
}

@Misc{JAVA_w3schools3,
author = "W3Schools",
title = "Java Inheritance",
year = "",
note = "Disponibile online",
url = "https://www.w3schools.com/java/java_inheritance.asp"
}

@Misc{JAVA_educative,
author = "Erin Doherty",
title = "What is object-oriented programming? OOP explained in depth",
year = "2023",
note = "Disponibile online",
url = "https://www.educative.io/blog/object-oriented-programming"
}

@Misc{JAVA_azionadigitale,
author = "AzionaDigitale Documentation",
title = "OOP 101: Introduzione all’Object-Oriented Programming",
year = "2023",
note = "Disponibile online",
url = "https://www.azionadigitale.com/oop-101-introduzione-allobject-oriented-programming/"
}

@Misc{JAVA_unife,
author = "Università degli Studi di Ferrara",
title = "Programmazione orientata agli oggetti: Il modello di Java",
year = "2015",
note = "Disponibile online",
url = "https://www.unife.it/ing/informazione/fond-info-modulo-b/materiale-didattico-aa-2015-16/oop-e-java/j-03-oop-java"
}

@Misc{JAVA_webopedia,
author = "Vangie Beal",
title = "Java (Programming Language)",
year = "2021",
note = "Disponibile online",
url = "https://www.webopedia.com/definitions/java/"
}

@Misc{JAVA_oracle,
author = "Oracle Documentation",
title = "Expressions, Statements, and Blocks",
year = "",
note = "Disponibile online",
url = "https://docs.oracle.com/javase/tutorial/java/nutsandbolts/expressions.html"
}

@Misc{JAVA_oracle2,
author = "Oracle Documentation",
title = "Autoboxing and Unboxing",
year = "",
note = "Disponibile online",
url = "https://docs.oracle.com/javase/tutorial/java/data/autoboxing.html"
}

@book{JAVA_typesystem,
title={Java in a Nutshell, 6th Edition},
author={Benjamin J Evans, David Flanagan},
volume={6},
year={2014},
publisher={O'Reilly Media, Inc.},
isbn={9781449371326}
}

%%%%%%%%%%% SPRING

@Misc{SPRING_amazon,
author = "Amazon Documentation",
title = "Che cos'è un framework nei settori di programmazione e ingegneria?",
year = "2023",
note = "Disponibile online",
url = "https://aws.amazon.com/it/what-is/framework/"
}

@Misc{SPRING_techtarget,
author = "TechTarget Documentation",
title = "Spring Framework",
year = "2023",
note = "Disponibile online",
url = "https://www.techtarget.com/searchapparchitecture/definition/Spring-Framework"
}

@Misc{SPRING_spring,
author = "Spring Documentation",
title = "Introduction to Spring Framework",
year = "",
note = "Disponibile online",
url = "https://docs.spring.io/spring-framework/docs/3.2.x/spring-framework-reference/html/overview.html"
}

@Misc{SPRING_spring2,
author = "Spring Documentation",
title = "Modules",
year = "",
note = "Disponibile online",
url = "https://docs.spring.io/spring-framework/docs/3.0.0.M4/reference/html/ch01s02.html"
}

@Misc{SPRING_spring3,
author = "Spring Documentation",
title = "Aspect Oriented Programming with Spring",
year = "",
note = "Disponibile online",
url = "https://docs.spring.io/spring-framework/docs/3.0.0.M4/reference/html/ch07.html#aop-introduction"
}

@Misc{SPRING_spring4,
author = "Spring Documentation",
title = "Building REST services with Spring",
year = "",
note = "Disponibile online",
url = "https://spring.io/guides/tutorials/rest/"
}

@Misc{SPRING_baeldung,
author = "Kamlesh Kumar",
title = "The Spring ApplicationContext",
year = "2023",
note = "Disponibile online",
url = "https://www.baeldung.com/spring-application-context"
}

@Misc{SPRING_italiancoders,
author = "Dario Frongillo",
title = "Introduzione al framework Spring",
year = "2018",
note = "Disponibile online",
url = "https://italiancoders.it/introduzione-spring-inversion-of-control/"
}

@Misc{SPRING_baeldung2,
author = "Loredana Crusoveanu",
title = "Intro to Inversion of Control and Dependency Injection with Spring",
year = "2023",
note = "Disponibile online",
url = "https://www.baeldung.com/inversion-control-and-dependency-injection-in-spring"
}

@Misc{SPRING_tutorialspoint,
author = "TutorialsPoint Documentation",
title = "Spring - IoC Containers",
year = "",
note = "Disponibile online",
url = "https://www.tutorialspoint.com/spring/spring_ioc_containers.htm"
}

@Misc{SPRING_javatechonline,
author = "Devs",
title = "Why Is Spring Framework So Popular?",
year = "2023",
note = "Disponibile online",
url = "https://javatechonline.com/why-is-spring-framework-so-popular/"
}

@Misc{SPRING_html,
author = "Andrea Chiarelli",
title = "REST, i principi dell'architettura",
year = "2011",
note = "Disponibile online",
url = "https://www.html.it/pag/19596/i-principi-dellarchitettura-restful/"
}

@Misc{SPRING_html2,
author = "Andrea Chiarelli",
title = "Mappare le azioni 'CRUD' sui metodi HTTP",
year = "2011",
note = "Disponibile online",
url = "https://www.html.it/pag/19597/mappare-le-azioni-crud-sui-metodi-http/"
}

%%%%%%%%%%% SPRING BOOT

@Misc{SPRINGBOOT_spring,
author = "Spring Documentation",
title = "Spring Boot",
year = "",
note = "Disponibile online",
url = "https://spring.io/projects/spring-boot"
}

@Misc{SPRINGBOOT_techwithmaddy,
author = "Maddy",
title = "Spring Boot Architecture",
year = "2021",
note = "Disponibile online",
url = "https://techwithmaddy.com/spring-boot-architecture"
}

@Misc{SPRINGBOOT_ibm,
author = "IBM Documentation",
title = "What is Java Spring Boot?",
year = "",
note = "Disponibile online",
url = "https://www.ibm.com/topics/java-spring-boot"
}

@Misc{SPRINGBOOT_spring2,
author = "Spring Documentation",
title = "Building an Application with Spring Boot",
year = "",
note = "Disponibile online",
url = "https://spring.io/guides/gs/spring-boot/"
}

@Misc{SPRINGBOOT_javatpoint,
author = "JavatPoint Documentation",
title = "Spring Boot Architecture",
year = "",
note = "Disponibile online",
url = "https://www.javatpoint.com/spring-boot-architecture"
}

%%%%%%%%%%% SPRING DATA JPA

@Misc{SPRINGDATA_spring,
author = "Spring Documentation",
title = "Spring Data",
year = "2023",
note = "Disponibile online",
url = "https://spring.io/projects/spring-data"
}

@Misc{SPRINGDATA_vincenzoracca,
author = "Vincenzo Racca",
title = "Introduzione a JPA e mapping delle relazioni",
year = "2020",
note = "Disponibile online",
url = "https://www.vincenzoracca.com/blog/framework/jpa/jpa-reletions/"
}

@Misc{SPRINGDATA_ibm,
author = "IBM Documentation",
title = "Java Persistence API (JPA)",
year = "2023",
note = "Disponibile online",
url = "https://www.ibm.com/docs/en/was-liberty/nd?topic=overview-java-persistence-api-jpa"
}

@Misc{SPRINGDATA_spring2,
author = "Oliver Gierke \& Thomas Darimont \& Christoph Strobl \& Mark Paluch \& Jay Bryant \& Greg Turnquist",
title = "Spring Data JPA - Reference Documentation",
year = "2023",
note = "Disponibile online",
url = "https://docs.spring.io/spring-data/jpa/docs/current/reference/html/"
}

@Misc{SPRINGDATA_baeldung,
author = "Eugen Paraschiv",
title = "Introduction to Spring Data JPA",
year = "2023",
note = "Disponibile online",
url = "https://www.baeldung.com/the-persistence-layer-with-spring-data-jpa"
}

@Misc{SPRINGDATA_baeldung2,
author = "Vivek Balasubramaniam",
title = "Defining JPA Entities",
year = "2023",
note = "Disponibile online",
url = "https://www.baeldung.com/jpa-entities"
}

@Misc{SPRINGDATA_baeldung3,
author = "Shubham Aggarwal",
title = "CrudRepository, JpaRepository, and PagingAndSortingRepository in Spring Data",
year = "2023",
note = "Disponibile online",
url = "https://www.baeldung.com/spring-data-repositories"
}

@Misc{SPRINGDATA_baeldung4,
author = "Baeldung Documentation",
title = "How to Access EntityManager with Spring Data",
year = "2023",
note = "Disponibile online",
url = "https://www.baeldung.com/spring-data-entitymanager"
}

%%%%%%%%%%% DATABASE

@Misc{DATABASE_oracle,
author = "Oracle Documentation",
title = "Che cos'è un database?",
year = "",
note = "Disponibile online",
url = "https://www.oracle.com/it/database/what-is-database/"
}

@Misc{DATABASE_wikipedia,
author = "Wikipedia",
title = "Base di dati",
year = "2023",
note = "Disponibile online",
url = "https://it.wikipedia.org/wiki/Base_di_dati"
}

@Misc{DATABASE_ionos,
author = "Ionos Documentation",
title = "Database: a cosa servono e quali tipi ci sono",
year = "2022",
note = "Disponibile online",
url = "https://www.ionos.it/digitalguide/hosting/tecniche-hosting/database/"
}

@Misc{DATABASE_universeit,
author = "Filippo Torrini",
title = "Cos’è e come funziona un database",
year = "2021",
note = "Disponibile online",
url = "https://universeit.blog/database-cosa-e/"
}

@Misc{DATABASE_html,
author = "Giuseppe Maggi",
title = "Introduzione agli RDBMS e a MySQL",
year = "2015",
note = "Disponibile online",
url = "https://www.html.it/pag/32137/introduzione-ai-rdbms/"
}

@Misc{DATABASE_amazon,
author = "Amazon Documentation",
title = "What Is an In-Memory Database?",
year = "",
note = "Disponibile online",
url = "https://aws.amazon.com/it/nosql/in-memory/"
}

@Misc{DATABASE_tibco,
author = "Tibco Documentation",
title = "What is an In-Memory Database?",
year = "",
note = "Disponibile online",
url = "https://www.tibco.com/reference-center/what-is-an-in-memory-database"
}

@Misc{H2_h2database,
author = "H2 Documentation",
title = "H2 Database Engine",
year = "",
note = "Disponibile online",
url = "https://h2database.com/html/features.html"
}

@Misc{H2_baeldung,
author = "Baeldung Documentation",
title = "Spring Boot With H2 Database",
year = "2023",
note = "Disponibile online",
url = "https://www.baeldung.com/spring-boot-h2-database"
}

%%%%%%%%%%% UNIT TEST

@Misc{UNITTEST_geeksforgeeks,
author = "GeekForGeeks community",
title = "Unit Testing | Software Testing",
year = "",
note = "Disponibile online",
url = "https://www.geeksforgeeks.org/unit-testing-software-testing/"
}

@Misc{UNITTEST_wikipedia,
author = "Wikipedia",
title = "Unit testing",
year = "",
note = "Disponibile online",
url = "https://it.wikipedia.org/wiki/Unit_testing"
}

@Misc{UNITTEST_geekandjob,
author = "GeekAndJob",
title = "JUnit",
year = "2023",
note = "Disponibile online",
url = "https://www.geekandjob.com/wiki/junit"
}

@Misc{UNITTEST_browserstack,
author = "Harish Rajora and Pradeep Krishnakumar",
title = "JUnit Testing Tutorial: JUnit in Java",
year = "2023",
note = "Disponibile online",
url = "https://www.browserstack.com/guide/junit-and-automation-testing"
}

@Misc{UNITTEST_junit,
author = "Stefan Bechtold \& Sam Brannen \& Johannes Link \& Matthias Merdes \& Marc Philipp \& Juliette de Rancourt \& Christian Stein",
title = "JUnit 5 User Guide",
year = "2023",
note = "Disponibile online",
url = "https://junit.org/junit5/docs/current/user-guide/"
}

%%%%%%%%%%% STRUMENTI DI BUILD

@Misc{BUILD_browserstack,
author = "Somosree Roy",
title = "What is a Build Tool? (with Top 5 Build Tools)",
year = "2023",
note = "Disponibile online",
url = "https://www.browserstack.com/guide/build-tools"
}

@Misc{BUILD_dev,
author = "Abdulcelil Cercenazi",
title = "An Intro to Software Build Tools",
year = "2022",
note = "Disponibile online",
url = "https://dev.to/jarjanazy/an-intro-to-software-build-tools-49fo"
}

%%%%%%%%%%% ANGULAR

@Misc{ANGULAR_angular,
author = "Angular Documentation",
title = "What is Angular?",
year = "2022",
note = "Disponibile online",
url = "https://angular.io/guide/what-is-angular"
}

@Misc{ANGULAR_angular2,
author = "Angular Documentation",
title = "Component interaction",
year = "2022",
note = "Disponibile online",
url = "https://angular.io/guide/component-interaction"
}

@Misc{ANGULAR_angular3,
author = "Angular Documentation",
title = "Built-in directives",
year = "2022",
note = "Disponibile online",
url = "https://angular.io/guide/built-in-directives"
}

@Misc{ANGULAR_angular4,
author = "Angular Documentation",
title = "HTTP Server communication",
year = "2023",
note = "Disponibile online",
url = "https://angular.io/guide/http-server-communication"
}

@Misc{ANGULAR_angular5,
author = "Angular Documentation",
title = "CLI Overview and Command Reference",
year = "",
note = "Disponibile online",
url = "https://angular.io/cli"
}

@Misc{ANGULAR_mrw,
author = "Claudio Marotta",
title = "Introduzione ad Angular",
year = "2019",
note = "Disponibile online",
url = "https://www.mrw.it/javascript/introduzione-angular_12716.html"
}

@Misc{ANGULAR_dariopironi,
author = "Dario Pironi",
title = "Introduzione ad Angular",
year = "2022",
note = "Disponibile online",
url = "https://dariopironi.com/it/introduzione-ad-angular/"
}

%%%%%%%%%%% TYPESCRIPT

@Misc{TYPESCRIPT_geekandjob,
author = "GeekAndJob",
title = "TypeScript",
year = "",
note = "Disponibile online",
url = "https://www.geekandjob.com/wiki/typescript"
}

@Misc{TYPESCRIPT_kinsta,
author = "Kinsta Documentation",
title = "Cos’è TypeScript? Guida Completa",
year = "2023",
note = "Disponibile online",
url = "https://kinsta.com/it/knowledgebase/typescript/"
}

@Misc{TYPESCRIPT_freecodecamp,
author = "Danny Adams",
title = "Learn TypeScript – The Ultimate Beginners Guide",
year = "2022",
note = "Disponibile online",
url = "https://www.freecodecamp.org/news/learn-typescript-beginners-guide/"
}

%%%%%%%%%%% HTML

@Misc{HTML_kinsta,
author = "Kinsta Documentation",
title = "Cos’È l’HTML? Guida per Principianti",
year = "2023",
note = "Disponibile online",
url = "https://kinsta.com/it/knowledgebase/html/"
}

@Misc{HTML_tagmanageritalia,
author = "Matteo Zambon",
title = "Glossario: HTML5",
year = "",
note = "Disponibile online",
url = "https://www.tagmanageritalia.it/glossario-html5/"
}

@Misc{HTML_geekandjob,
author = "GeekAndJob",
title = "HTML",
year = "",
note = "Disponibile online",
url = "https://www.geekandjob.com/wiki/html"
}

@Misc{HTML_w3,
author = "W3C Recommendation",
title = "ARIA in HTML",
year = "2023",
note = "Disponibile online",
url = "https://www.w3.org/TR/html-aria/"
}

@Misc{HTML_tokioschool,
author = "Redacción Tokio",
title = "Front-End languages: what are the main ones?",
year = "2022",
note = "Disponibile online",
url = "https://www.tokioschool.com/en/news/front-end-languages/#:~:text=The%20main%20Front%2DEnd%20languages,is%20fundamental%20for%20website%20development."
}

%%%%%%%%%%% CSS

@Misc{CSS_ionos,
author = "Ionos Documentation",
title = "Media query CSS",
year = "2021",
note = "Disponibile online",
url = "https://www.ionos.it/digitalguide/siti-web/web-design/media-query-css/"
}

@Misc{CSS_creativemotions,
author = "Creativemotions Documentation",
title = "Cos’è il CSS, introduzione per principianti ai fogli di stile",
year = "2023",
note = "Disponibile online",
url = "https://www.creativemotions.it/cos-e-css/"
}

@Misc{CSS_wikipedia,
author = "Wikipedia",
title = "CSS",
year = "",
note = "Disponibile online",
url = "https://it.wikipedia.org/wiki/CSS"
}

@Misc{CSS_dmep,
author = "Del Monte Documentation",
title = "Che cos'è il CSS?",
year = "",
note = "Disponibile online",
url = "https://www.dmep.it/it/supporto/che-cose-il-css"
}

@Misc{CSS_infobasic,
author = "Giulio, Infobasic Team",
title = "CSS: cos’è, come funziona e a cosa serve",
year = "",
note = "Disponibile online",
url = "https://www.infobasic.it/cos-e-css/"
}

@Misc{CSS_html,
author = "Cesare Lamanna",
title = "Gli pseudo-elementi",
year = "2013",
note = "Disponibile online",
url = "https://www.html.it/pag/14219/gli-pseudo-elementi/"
}

@Misc{CSS_html2,
author = "Cesare Lamanna",
title = "Le pseudo-classi",
year = "2013",
note = "Disponibile online",
url = "https://www.html.it/pag/14218/le-pseudo-classi/"
}